@Preamble{ " \newcommand{\noop}[1]{} " }

% ---------------------------------------------------------------------------
% Articles
% ---------------------------------------------------------------------------

@article{merzky2015saga,
  title={SAGA: A standardized access layer to heterogeneous distributed computing infrastructure},
  author={Merzky, Andre and Weidner, Ole and Jha, Shantenu},
  journal={SoftwareX},
  volume={1},
  pages={3--8},
  year={2015},
  publisher={Elsevier}
}

@article{tom2006saga,
  title={SAGA: A Simple API for Grid Applications. High-level application programming on the Grid},
  author={Tom, Goodale and Shantenu, Jha and Hartmut, Kaiser and Thilo, Kielmann and Pascal, Kleijer and Andre, Merzky and John, Shalf and others},
  journal={CMST},
  volume={12},
  number={1},
  pages={7--20},
  year={2006},
  publisher={PSNC, Poznan Supercomputing and Networking Center}
}

@article{turilli2018comprehensive,
  title={A comprehensive perspective on pilot-job systems},
  author={Turilli, Matteo and Santcroos, Mark and Jha, Shantenu},
  journal={ACM Computing Surveys (CSUR)},
  volume={51},
  number={2},
  pages={43},
  year={2018},
  publisher={ACM}
}

@article{batory1992design,
  author = {Batory, Don and O'Malley, Sean},
  title = {The Design and Implementation of Hierarchical Software Systems with Reusable Components},
  journal = {ACM Trans. Softw. Eng. Methodol.},
  volume = {1},
  number = {4},
  year = {1992},
  pages = {355--398},
 }

@article{clemens1998component,
  title={Component software: Beyond object-oriented programming},
  author={Clemens, Szyperski and Dominik, Gruntz and Stephan, Murer},
  journal={Addison-Westley: Boston, MA, USA},
  year={1998}
}

@article{towns2014xsede,
  title={{XSEDE}: accelerating scientific discovery},
  author={Towns, John and Cockerill, Timothy and Dahan, Maytal and Foster, Ian and Gaither, Kelly and Grimshaw, Andrew and Hazlewood, Victor and Lathrop, Scott and Lifka, Dave and Peterson, Gregory D and others},
  journal={Computing in Science \& Engineering},
  volume={16},
  number={5},
  pages={62--74},
  year={2014},
  publisher={IEEE}
}

@article{radak2015characterization,
  title={Characterization of the three-dimensional free energy manifold for the uracil ribonucleoside from asynchronous replica exchange simulations},
  author={Radak, Brian K and Romanus, Melissa and Lee, Tai-Sung and Chen, Haoyuan and Huang, Ming and Treikalis, Antons and Balasubramanian, Vivekanandan and Jha, Shantenu and York, Darrin M},
  journal={Journal of chemical theory and computation},
  volume={11},
  number={2},
  pages={373--377},
  year={2015},
  publisher={ACS Publications}
}

@article{iosup2011performance,
  title={Performance analysis of cloud computing services for many-tasks scientific computing},
  author={Iosup, Alexandru and Ostermann, Simon and Yigitbasi, M Nezih and Prodan, Radu and Fahringer, Thomas and Epema, Dick},
  journal={IEEE Transactions on Parallel and Distributed systems},
  volume={22},
  number={6},
  pages={931--945},
  year={2011},
  publisher={IEEE}
}

@article{turilli2019middleware,
  title={Middleware building blocks for workflow systems},
  author={Turilli, Matteo and Balasubramanian, Vivek and Merzky, Andre and Paraskevakos, Ioannis and Jha, Shantenu},
  journal={Computing in Science \& Engineering},
  volume={21},
  number={4},
  pages={62--75},
  year={2019},
  publisher={IEEE}
}

@article{lenz1987software,
  title={Software reuse through building blocks},
  author={Lenz, Manfred and Schmid, Hans Albrecht and Wolf, Peter F.},
  journal={IEEE Software},
  volume={4},
  number={4},
  pages={34--42},
  year={1987},
  publisher={IEEE}
}

@article{redolfi2009grid,
  title={Grid infrastructures for computational neuroscience: the neuGRID example},
  author={Redolfi, Alberto and McClatchey, Richard and Anjum, Ashiq and Zijdenbos, Alex and Manset, David and Barkhof, Frederik and Spenger, Christian and Legr{\'e}, Yannik and Wahlund, Lars-Olof and di San Pietro, Chiara Barattieri and others},
  journal={Future Neurology},
  volume={4},
  number={6},
  pages={703--722},
  year={2009},
  publisher={Future Medicine}
}

@article{maddineni2012distributed,
  title={Distributed application runtime environment (DARE): a standards-based middleware framework for science-gateways},
  author={Maddineni, Sharath and Kim, Joohyun and El-Khamra, Yaakoub and Jha, Shantenu},
  journal={Journal of grid computing},
  volume={10},
  number={4},
  pages={647--664},
  year={2012},
  publisher={Springer}
}

@article{shkurti2016coco,
  title={CoCo-MD: A Simple and Effective Method for the Enhanced Sampling of Conformational Space},
  author={Shkurti, Ardita and Styliari, Ioanna Danai and Balasubramanian, Vivek and Bethune, Iain and Pedebos, Conrado and Jha, Shantenu and Laughton, Charles A},
  journal={Journal of chemical theory and computation},
  year={2016},
  publisher={ACS Publications}
}



@article{merzky2018synapse,
  title={Synapse: Synthetic application profiler and emulator},
  author={Merzky, Andre and Ha, Ming Tai and Turilli, Matteo and Jha, Shantenu},
  journal={Journal of computational science},
  volume={27},
  pages={329--344},
  year={2018},
  publisher={Elsevier}
}

@article{sampat2018parallel,
  title={A parallel unidirectional coupled {DEM-PBM} model for the efficient simulation of computationally intensive particulate process systems},
  author={Sampat, Chaitanya and Bettencourt, Franklin and Baranwal, Yukteshwar and Paraskevakos, Ioannis and Chaturbedi, Anik and Karkala, Subhodh and Jha, Shantenu and Ramachandran, Rohit and Ierapetritou, Marianthi},
  journal={Computers \& Chemical Engineering},
  volume={119},
  pages={128--142},
  year={2018},
  publisher={Elsevier}
}

@article{alsaadi2021radical,
  title={Radical-pilot and parsl: Executing heterogeneous workflows on HPC platforms},
  author={Alsaadi, Aymen and Merzky, Andre and Chard, Kyle and Jha, Shantenu and Turilli, Matteo},
  journal={arXiv preprint arXiv:2105.13185},
  year={2021}
}

@article{hategan2023psi,
  title={PSI/J: A Portable Interface for Submitting, Monitoring, and Managing Jobs},
  author={Hategan-Marandiuc, Mihael and Merzky, Andre and Collier, Nicholson and Maheshwari, Ketan and Ozik, Jonathan and Turilli, Matteo and Wilke, Andreas and Wozniak, Justin M and Chard, Kyle and Foster, Ian and others},
  journal={arXiv preprint arXiv:2307.07895},
  year={2023}
}

@article{kopp2023framework,
  title={The Framework for Assessing Changes To Sea-level (FACTS) v1. 0-rc: A platform for characterizing parametric and structural uncertainty in future global, relative, and extreme sea-level change},
  author={Kopp, Robert E and Garner, Gregory G and Hermans, Tim HJ and Jha, Shantenu and Kumar, Praveen and Slangen, Aim{\'e}e and Turilli, Matteo and Edwards, Tamsin L and Gregory, Jonathan M and Koubbe, George and others},
  journal={EGUsphere},
  pages={1--34},
  year={2023},
  publisher={Copernicus GmbH}
}

@article{sarkar2021adaptive,
  title={Adaptive Ensemble Refinement of Protein Structures in High Resolution Electron Microscopy Density Maps with Radical Augmented Molecular Dynamics Flexible Fitting},
  author={Sarkar, Daipayan and Lee, Hyungro and Vant, John W and Turilli, Matteo and Vermaas, Josh V and Jha, Shantenu and Singharoy, Abhishek},
  journal={bioRxiv},
  pages={2021--12},
  year={2021},
  publisher={Cold Spring Harbor Laboratory}
}

@article{dakka2018high,
  title={High-throughput binding affinity calculations at extreme scales},
  author={Dakka, Jumana and Turilli, Matteo and Wright, David W and Zasada, Stefan J and Balasubramanian, Vivek and Wan, Shunzhou and Coveney, Peter V and Jha, Shantenu},
  journal={BMC bioinformatics},
  volume={19},
  pages={33--45},
  year={2018},
  publisher={Springer}
}

@article{wright2019application,
  title={Application of ESMACS binding free energy protocols to diverse datasets: Bromodomain-containing protein 4},
  author={Wright, David W and Wan, Shunzhou and Meyer, Christophe and Van Vlijmen, Herman and Tresadern, Gary and Coveney, Peter V},
  journal={Scientific reports},
  volume={9},
  number={1},
  pages={6017},
  year={2019},
  publisher={Nature Publishing Group UK London}
}

@article{wan2020rapid,
  title={Rapid, accurate, precise and reproducible ligand--protein binding free energy prediction},
  author={Wan, Shunzhou and Bhati, Agastya P and Zasada, Stefan J and Coveney, Peter V},
  journal={Interface Focus},
  volume={10},
  number={6},
  pages={20200007},
  year={2020},
  publisher={The Royal Society}
}

@article{hruska2020extensible,
  title={Extensible and scalable adaptive sampling on supercomputers},
  author={Hruska, Eugen and Balasubramanian, Vivekanandan and Lee, Hyungro and Jha, Shantenu and Clementi, Cecilia},
  journal={Journal of Chemical Theory and Computation},
  volume={16},
  number={12},
  pages={7915--7925},
  year={2020},
  publisher={ACS Publications}
}

@article{luo2020pre,
  title={Pre-exascale accelerated application development: The ORNL summit experience},
  author={Luo, Lixiang and Straatsma, Tjerk P and Suarez, LE Aguilar and Broer, Ria and Bykov, Dmytro and D'Azevedo, Eduardo F and Faraji, Shirin S and Gottiparthi, Kalyana C and De Graaf, Coen and Harris, J Austin and others},
  journal={IBM Journal of Research and Development},
  volume={64},
  number={3/4},
  pages={11--1},
  year={2020},
  publisher={IBM}
}

@article{merzky2021design,
  title={Design and performance characterization of radical-pilot on leadership-class platforms},
  author={Merzky, Andre and Turilli, Matteo and Titov, Mikhail and Al-Saadi, Aymen and Jha, Shantenu},
  journal={IEEE Transactions on Parallel and Distributed Systems},
  volume={33},
  number={4},
  pages={818--829},
  year={2021},
  publisher={IEEE}
}


% ---------------------------------------------------------------------------
% Proceedings
% ---------------------------------------------------------------------------

@inproceedings{merzky2018using,
  title={Using Pilot Systems to Execute Many Task Workloads on Supercomputers},
  author={Merzky, Andre and Turilli, Matteo and Maldonado, Manuel and Santcroos, Mark and Jha, Shantenu},
  editor={Klus{\'a}{\v{c}}ek, Dalibor and Cirne, Walfredo and Desai, Narayan},
  booktitle={Job Scheduling Strategies for Parallel Processing: 22nd International Workshop, JSSPP 2018, Vancouver, BC, Canada, May 25, 2018, Revised Selected Paper},
  year={2019},
  pages={61--82},
  organization={Springer},
}

@inproceedings{megino2017integration,
  title={Integration of Titan supercomputer at OLCF with ATLAS Production System},
  author={Megino, F Barreiro and De, Kaushik and Jha, Shantenu and Klimentov, A and Maeno, T and Nilsson, P and Oleynik, D and Padolski, S and Panitkin, S and Wells, J and others},
  booktitle={Journal of Physics: Conference Series},
  volume={898},
  number={9},
  pages={092002},
  year={2017},
  organization={IOP Publishing}
}

@inproceedings{balasubramanian2018harnessing,
  title={Harnessing the power of many: Extensible toolkit for scalable ensemble applications},
  author={Balasubramanian, Vivek and Turilli, Matteo and Hu, Weiming and Lefebvre, Matthieu and Lei, Wenjie and Modrak, Ryan and Cervone, Guido and Tromp, Jeroen and Jha, Shantenu},
  booktitle={2018 IEEE International Parallel and Distributed Processing Symposium (IPDPS)},
  pages={536--545},
  year={2018},
  organization={IEEE}
}

@inproceedings{garlan1995architectural,
  author = {Garlan, David and Allen, Robert and Ockerbloom, John},
  title = {Architectural Mismatch or Why It's Hard to Build Systems out of Existing Parts},
  booktitle = {Proceedings of the 17th International Conference on Software Engineering},
  series = {ICSE '95},
  year = {1995},
  pages = {179--185},
}

@inproceedings{merzky2019panda,
  title={PanDA and RADICAL-Pilot Integration: Enabling the Pilot Paradigm on HPC Resources},
  author={Merzky, Andre and Svirin, Pavlo and Turilli, Matteo},
  booktitle={EPJ Web of Conferences},
  volume={214},
  pages={03057},
  year={2019},
  organization={EDP Sciences}
}

@inproceedings{paraskevakos2018task,
  title={Task-parallel analysis of molecular dynamics trajectories},
  author={Paraskevakos, Ioannis and Luckow, Andre and Khoshlessan, Mahzad and Chantzialexiou, George and Cheatham, Thomas E and Beckstein, Oliver and Fox, Geoffrey C and Jha, Shantenu},
  booktitle={Proceedings of the 47th International Conference on Parallel Processing},
  pages={1--10},
  year={2018}
}

@inproceedings{saadi2021impeccable,
  title={IMPECCABLE: integrated modeling pipelinE for COVID cure by assessing better LEads},
  author={Saadi, Aymen Al and Alfe, Dario and Babuji, Yadu and Bhati, Agastya and Blaiszik, Ben and Brace, Alexander and Brettin, Thomas and Chard, Kyle and Chard, Ryan and Clyde, Austin and others},
  booktitle={50th International Conference on Parallel Processing},
  pages={1--12},
  year={2021}
}

@inproceedings{balasubramanian2016extasy,
  title={Extasy: Scalable and flexible coupling of md simulations and advanced sampling techniques},
  author={Balasubramanian, Vivekanandan and Bethune, Iain and Shkurti, Ardita and Breitmoser, Elena and Hruska, Eugen and Clementi, Cecilia and Laughton, Charles and Jha, Shantenu},
  booktitle={2016 IEEE 12th International Conference on e-Science (e-Science)},
  pages={361--370},
  year={2016},
  doi={10.1109/eScience.2016.7870921},
  organization={IEEE}
}

@inproceedings{treikalis2016repex,
  title={Repex: A flexible framework for scalable replica exchange molecular dynamics simulations},
  author={Treikalis, Antons and Merzky, Andre and Chen, Haoyuan and Lee, Tai-Sung and York, Darrin M and Jha, Shantenu},
  booktitle={2016 45th International Conference on Parallel Processing (ICPP)},
  pages={628--637},
  year={2016},
  organization={IEEE}
}

@inproceedings{raicu2008many,
  title={Many-task computing for grids and supercomputers},
  author={Raicu, Ioan and Foster, Ian T and Zhao, Yong},
  booktitle={2008 workshop on many-task computing on grids and supercomputers},
  pages={1--11},
  year={2008},
  organization={IEEE}
}

@inproceedings{turilli2016integrating,
  title={Integrating abstractions to enhance the execution of distributed applications},
  author={Turilli, Matteo and Liu, Feng and Zhang, Zhao and Merzky, Andre and Wilde, Michael and Weissman, Jon and Katz, Daniel S and Jha, Shantenu},
  booktitle={2016 IEEE International Parallel and Distributed Processing Symposium (IPDPS)},
  pages={953--962},
  year={2016},
  organization={IEEE}
}

@inproceedings{maeno2008panda,
  title={PanDA: distributed production and distributed analysis system for ATLAS},
  author={Maeno, Tadashi},
  booktitle={Journal of Physics: Conference Series},
  volume={119},
  issue={6},
  pages={062036},
  year={2008},
  organization={IOP Publishing}
}

@inproceedings{dakka2018concurrent,
  title={Concurrent and Adaptive Extreme Scale Binding Free Energy Calculations},
  author={Dakka, Jumana and Farkas-Pall, Kristof and Turilli, Matteo and Wright, David W and Coveney, Peter V and Jha, Shantenu},
  booktitle={2018 IEEE 14th International Conference on e-Science (e-Science)},
  pages={189--200},
  year={2018},
  organization={IEEE}
}

@inproceedings{balasubramanian2016ensemble,
  title={Ensemble toolkit: Scalable and flexible execution of ensembles of tasks},
  author={Balasubramanian, Vivekanandan and Treikalis, Antons and Weidner, Ole and Jha, Shantenu},
  booktitle={2016 45th International Conference on Parallel Processing (ICPP)},
  pages={458--463},
  year={2016},
  organization={IEEE}
}

@inproceedings{turilli2017evaluating,
  title={Evaluating distributed execution of workloads},
  author={Turilli, Matteo and Babuji, Yadu Nand and Merzky, Andre and Ha, Ming Tai and Wilde, Michael and Katz, Daniel S and Jha, Shantenu},
  booktitle={2017 IEEE 13th International Conference on e-Science (e-Science)},
  pages={276--285},
  year={2017},
  organization={IEEE}
}

@inproceedings{dooley2012software,
  title={Software-as-a-service: the iPlant foundation API},
  author={Dooley, Rion and Vaughn, Matthew and Stanzione, Dan and Terry, Steve and Skidmore, Edwin},
  booktitle={5th IEEE Workshop on Many-Task Computing on Grids and Supercomputers (MTAGS)},
  year={2012}
}

@inproceedings{oleynik2017high,
  title={High-throughput computing on high-performance platforms: A case study},
  author={Oleynik, Danila and Panitkin, Sergey and Turilli, Matteo and Angius, Alessio and Oral, Sarp and De, Kaushik and Klimentov, Alexei and Wells, Jack C and Jha, Shantenu},
  booktitle={2017 IEEE 13th International Conference on e-Science (e-Science)},
  pages={295--304},
  year={2017},
  organization={IEEE}
}

@inproceedings{merzky2022raptor,
  title={Raptor: Ravenous throughput computing},
  author={Merzky, Andre and Turilli, Matteo and Jha, Shantenu},
  booktitle={2022 22nd IEEE International Symposium on Cluster, Cloud and Internet Computing (CCGrid)},
  pages={595--604},
  year={2022},
  organization={IEEE}
}

@article{bfe-jctc-2014,
    author     = {David W. Wright and Benjamin A. Hall
                   and Owain A. Kenway and Shantenu Jha
                   and Peter V. Coveney},
    title      = {{Computing Clinically Relevant Binding Free Energies
                    of HIV-1 Protease Inhibitors}},
    journal    = {Chemical Theory and Computation},
    volume     = {10},
    number     = {3},
    pages      = {1228-1241},
    year       = 2014,
    doi        = {10.1021/ct4007037},
    }

@inproceedings{turilli2019characterizing,
  title={Characterizing the performance of executing many-tasks on summit},
  author={Turilli, Matteo and Merzky, Andre and Naughton, Thomas and Elwasif, Wael and Jha, Shantenu},
  booktitle={2019 IEEE/ACM Third Annual Workshop on Emerging Parallel and Distributed Runtime Systems and Middleware (IPDRM)},
  pages={18--25},
  year={2019},
  organization={IEEE}
}

@inproceedings{titov2022radical,
  title={RADICAL-Pilot and PMIx/PRRTE: Executing heterogeneous workloads at large scale on partitioned HPC resources},
  author={Titov, Mikhail and Turilli, Matteo and Merzky, Andre and Naughton, Thomas and Elwasif, Wael and Jha, Shantenu},
  booktitle={Workshop on Job Scheduling Strategies for Parallel Processing},
  pages={88--107},
  year={2022},
  organization={Springer}
}

@inproceedings{alsaadi2022radical,
  title={Radical-pilot and parsl: Executing heterogeneous workflows on HPC platforms},
  author={Alsaadi, Aymen and Ward, Logan and Merzky, Andre and Chard, Kyle and Foster, Ian and Jha, Shantenu and Turilli, Matteo},
  booktitle={2022 IEEE/ACM Workshop on Workflows in Support of Large-Scale Science (WORKS)},
  pages={27--34},
  year={2022},
  organization={IEEE}
}

@inproceedings{luckow2016hadoop,
  title={Hadoop on HPC: Integrating Hadoop and pilot-based dynamic resource management},
  author={Luckow, Andre and Paraskevakos, Ioannis and Chantzialexiou, George and Jha, Shantenu},
  booktitle={2016 IEEE International Parallel and Distributed Processing Symposium Workshops (IPDPSW)},
  pages={1607--1616},
  year={2016},
  organization={IEEE}
}

@inproceedings{mushnoori2018repex,
  title={{RepEx}: A scalable, flexible, extensible replica exchange framework},
  author={Mushnoori, Srinivas and Balasubramanian, Vivek and Jha, Shantenu and Dutt, Meenakshi},
  booktitle={ABSTRACTS OF PAPERS OF THE AMERICAN CHEMICAL SOCIETY},
  volume={256},
  year={2018},
  organization={AMER CHEMICAL SOC 1155 16TH ST, NW, WASHINGTON, DC 20036 USA}
}

@inproceedings{luckow2012p,
  title={P: a model of pilot-abstractions},
  author={Luckow, Andre and Santcroos, Mark and Merzky, Andre and Weidner, Ole and Mantha, Pradeep and Jha, Shantenu},
  booktitle={2012 IEEE 8th International Conference on E-Science},
  pages={1--10},
  year={2012},
  organization={IEEE}
}

@inproceedings{hu2017short,
  title={Short-term Temperature Prediction Using Adaptive Computing on Dynamic Scales},
  author={Hu, Weiming and Cervone, Guido and Jha, Shantenu and Balasubramanian, Vivek and Turilli, Matteo},
  booktitle={AGU Fall Meeting Abstracts},
  volume={2017},
  pages={H31G--1599},
  year={2017}
}

@inproceedings{lee2019deepdrivemd,
  title={{DeepDriveMD}: Deep-learning driven adaptive molecular simulations for protein folding},
  author={Lee, Hyungro and Turilli, Matteo and Jha, Shantenu and Bhowmik, Debsindhu and Ma, Heng and Ramanathan, Arvind},
  booktitle={2019 IEEE/ACM Third Workshop on Deep Learning on Supercomputers (DLS)},
  pages={12--19},
  year={2019},
  organization={IEEE}
}

@inproceedings{lee2021scalable,
  title={Scalable HPC \& AI infrastructure for COVID-19 therapeutics},
  author={Lee, Hyungro and Merzky, Andre and Tan, Li and Titov, Mikhail and Turilli, Matteo and Alfe, Dario and Bhati, Agastya and Brace, Alex and Clyde, Austin and Coveney, Peter and others},
  booktitle={Proceedings of the Platform for Advanced Scientific Computing Conference},
  pages={1--13},
  year={2021}
}

@inproceedings{legrand2020gpu,
  title={GPU-Accelerated Drug Discovery with Docking on the Summit Supercomputer: Porting, Optimization, and Application to COVID-19 Research},
  author={LeGrand, Scott and Scheinberg, Aaron and Tillack, Andreas F and Thavappiragasam, Mathialakan and Vermaas, Josh V and Agarwal, Rupesh and Larkin, Jeff and Poole, Duncan and Santos-Martins, Diogo and Solis-Vasquez, Leonardo and others},
  booktitle={Proceedings of the 11th ACM International Conference on Bioinformatics, Computational Biology and Health Informatics},
  pages={1--10},
  year={2020}
}

@inproceedings{paraskevakos2019workflow,
  title={Workflow design analysis for high resolution satellite image analysis},
  author={Paraskevakos, Ioannis and Turilli, Matteo and Gon{\c{c}}alves, Bento Collares and Lynch, Heather J and Jha, Shantenu},
  booktitle={2019 15th International Conference on eScience (eScience)},
  pages={47--56},
  year={2019},
  organization={IEEE}
}


% ---------------------------------------------------------------------------
% Collections
% ---------------------------------------------------------------------------


@incollection{schneider2000components,
  title={Components, scripts and glue},
  author={Schneider, Jean-Guy and Nierstrasz, Oscar},
  booktitle={Software Architectures},
  pages={13--25},
  year={2000},
  publisher={Springer}
}

@incollection{stanzione2020frontera,
  title={Frontera: The evolution of leadership computing at the national science foundation},
  author={Stanzione, Dan and West, John and Evans, R Todd and Minyard, Tommy and Ghattas, Omar and Panda, Dhabaleswar K},
  booktitle={Practice and Experience in Advanced Research Computing},
  pages={106--111},
  year={2020}
}


% ---------------------------------------------------------------------------
% URL
% ---------------------------------------------------------------------------
@misc{web-radical,
  author= {{Research in Advanced DIstributed Cyberinfrastructure and Applications Laboratory (RADICAL)}},
  year  = {2019},
  title = {RADICAL-Cybertools (RCT)},
  note  = {\url{https://radical-cybertools.github.io/},
           Last accessed on 2019-01-07},
}

@misc{web-radical,
  author= {{Research in Advanced DIstributed Cyberinfrastructure and Applications Laboratory (RADICAL)}},
  year  = {2023},
  title = {RADICAL Publications (RCT)},
  note  = {\url{https://radical.rutgers.edu/publications/},
           Last accessed on 2023-07-23},
}

@misc{web-ra,
  author= {{Research in Advanced DIstributed Cyberinfrastructure and Applications Laboratory (RADICAL)}},
  year  = {2019},
  title = {RADICAL-Analytics 0.1 Documentation},
  note  = {\url{https://radicalanalytics.readthedocs.io/en/latest/},
           Last accessed on 2019-01-07},
}

@misc{web-cheyenne,
  author= {{NCAR/UCAR Computational \& Information Systems Lab (CISL)}},
  year  = {2019},
  title = {Cheyenne},
  note  = {\url{https://www2.cisl.ucar.edu/resources/computational-systems/cheyenne/cheyenne},
           Last accessed on 2019-02-28}
}

@misc{web-bluewaters,
  author= {{National Center for Supercomputing Applications (NCSA), University of Illinois at Urbana-Champaign}},
  year  = {2019},
  title = {About Blue Waters},
  note  = {\url{http://www.ncsa.illinois.edu/enabling/bluewaters},
           Last accessed on 2019-02-28}
}

@misc{web-olcf-resources,
  author= {{Oak Ridge National Laboratory (ORNL), Leadership Computing Facility (OLCF)}},
  year  = {2019},
  title = {{OLCF} Resources: Compute Systems},
  note  = {\url{https://www.olcf.ornl.gov/olcf-resources/compute-systems/},
           Last accessed on 2019-02-28}
}

@misc{web-supermuc,
  author= {{Leibniz Supercomputing Centre (LSC) of the Bavarian Academy of Sciences}},
  year  = {2019},
  title = {{SuperMUC} Petascale System},
  note  = {\url{https://www.lrz.de/services/compute/supermuc/},
           Last accessed on 2019-02-28}
}

@misc{github-rct,
  author= {{Research in Advanced DIstributed Cyberinfrastructure and Applications Laboratory (RADICAL)}},
  year  = {2019},
  title = {{RADICAL-Cybertools (RCT)}},
  note  = {\url{https://github.com/radical-cybertools},
           Last accessed on 2019-03-31}
}

@misc{workflow-systems-url,
  author= {Amstutz, Peter and Maxim Mikheev, Michael R. Crusoe, et al.},
  year  = {2022},
  title = {Existing Workflow systems. Common Workflow Language wiki, {GitHub}},
  note  = {\url{https://s.apache.org/existing-workflow-systems},
           updated 2022-08-30, last accessed 2022-08-30}
}

@misc{rp-supported-url,
  author= {{RADICAL Development Team}},
  year  = {2023},
  title = {RADICAL-Pilot: Supported Platforms},
  note  = {\url{https://radicalpilot.readthedocs.io/en/devel/supported.html},
           last accessed 2023-05-24}
}

@misc{rp-api-url,
  author= {{RADICAL Development Team}},
  year  = {2023},
  title = {RADICAL-Pilot: Application Programming Interface},
  note  = {\url{https://radicalpilot.readthedocs.io/en/stable/apidoc.html},
           last accessed 2023-08-1}
}

@misc{entk-api-url,
  author= {{RADICAL Development Team}},
  year  = {2023},
  title = {RADICAL-EnsembleToolkit: Application Programming Interface},
  note  = {\url{https://radicalentk.readthedocs.io/en/stable/api.html},
           last accessed 2023-08-01}
}

@misc{ra-url,
  author= {{RADICAL Development Team}},
  year  = {2023},
  title = {RADICAL-Analytics User Documentation},
  note  = {\url{https://radicalanalytics.readthedocs.io/},
           last accessed 2023-08-05}
}

% ----------------------------------------------------------------------------
% Preprint
% ----------------------------------------------------------------------------